<?xml version="1.0" encoding="UTF-8"?>
<SOAP-ENV:Envelope xmlns:SOAP-ENV="http://schemas.xmlsoap.org/soap/envelope/" xmlns:of="http://oss.dbc.dk/ns/openformat" xmlns:ofo="http://oss.dbc.dk/ns/openformatoutput"><SOAP-ENV:Body><of:formatResponse><marc21><mx:record xmlns:mx="http://www.loc.gov/MARC21/slim" format="MARC21" type="Bibliographic"><mx:leader>00000ncm a22000000c 4500</mx:leader><mx:controlfield tag="008">100329s2009    xxu||a|| ri    ||| |   |d</mx:controlfield><mx:datafield ind1=" " ind2=" " tag="020"><mx:subfield code="a">9781423406501 (hf.)</mx:subfield><mx:subfield code="c">kr. 155,00</mx:subfield></mx:datafield><mx:datafield ind1="1" ind2=" " tag="029"><mx:subfield code="a">DKDLA</mx:subfield><mx:subfield code="b">870970-basis:28209061</mx:subfield></mx:datafield><mx:datafield ind1=" " ind2=" " tag="040"><mx:subfield code="a">DKDLA</mx:subfield><mx:subfield code="b">dan</mx:subfield><mx:subfield code="c">DKDLA</mx:subfield></mx:datafield><mx:datafield ind1="0" ind2=" " tag="041"><mx:subfield code="b">eng</mx:subfield></mx:datafield><mx:datafield ind1=" " ind2=" " tag="084"><mx:subfield code="a">78.435-6</mx:subfield><mx:subfield code="2">z</mx:subfield></mx:datafield><mx:datafield ind1="1" ind2="0" tag="245"><mx:subfield code="a">The horn collection:</mx:subfield><mx:subfield code="b">14 pieces by 11 composers : easy to intermediate level/</mx:subfield><mx:subfield code="c">transcribed by Mason Jones ... [et al.]</mx:subfield></mx:datafield><mx:datafield ind1=" " ind2=" " tag="260"><mx:subfield code="a">New York, N.Y. :</mx:subfield><mx:subfield code="b">Schirmer ;</mx:subfield><mx:subfield code="a">Milwaukee, Wis. :</mx:subfield><mx:subfield code="b">distributed by Hal Leonard,</mx:subfield><mx:subfield code="c">2009</mx:subfield></mx:datafield><mx:datafield ind1=" " ind2=" " tag="300"><mx:subfield code="a">1 partitur og klaverpartitur</mx:subfield><mx:subfield code="a">1 stemme (32 sider) ;</mx:subfield><mx:subfield code="c">31 cm +</mx:subfield><mx:subfield code="e">1 cd +</mx:subfield><mx:subfield code="e">1 installationsvejledning</mx:subfield></mx:datafield><mx:datafield ind1="1" ind2=" " tag="490"><mx:subfield code="a">The G. Schirmer instrumental library</mx:subfield></mx:datafield><mx:datafield ind1=" " ind2=" " tag="500"><mx:subfield code="a">For horn og klaver</mx:subfield></mx:datafield><mx:datafield ind1=" " ind2=" " tag="500"><mx:subfield code="a">For horn i F</mx:subfield></mx:datafield><mx:datafield ind1="2" ind2=" " tag="505"><mx:subfield code="a">Med noter til de enkelte stykker</mx:subfield></mx:datafield><mx:datafield ind1="2" ind2=" " tag="505"><mx:subfield code="a">Med spillevejledning</mx:subfield></mx:datafield><mx:datafield ind1="1" ind2=" " tag="700"><mx:subfield code="a">Jones, Mason</mx:subfield></mx:datafield><mx:datafield ind1=" " ind2="0" tag="830"><mx:subfield code="a">The G. Schirmer instrumental library</mx:subfield></mx:datafield><mx:datafield ind1=" " ind2=" " tag="901"><mx:subfield code="a">785</mx:subfield></mx:datafield></mx:record><hs activity="insert">DKDLA</hs><hs activity="insert">DKB</hs></marc21></of:formatResponse></SOAP-ENV:Body></SOAP-ENV:Envelope>
